@inproceedings{ananth2019optimal,
  title={Optimal bounded-collusion secure functional encryption},
  author={Ananth, Prabhanjan and Vaikuntanathan, Vinod},
  booktitle={Theory of Cryptography Conference},
  pages={174--198},
  year={2019},
  organization={Springer}
}

@inproceedings{garg2022dynamic,
  title={Dynamic collusion bounded functional encryption from identity-based encryption},
  author={Garg, Rachit and Goyal, Rishab and Lu, George and Waters, Brent},
  booktitle={Annual International Conference on the Theory and Applications of Cryptographic Techniques},
  pages={736--763},
  year={2022},
  organization={Springer}
}

@inproceedings{agrawal2017functional,
  title={Functional encryption for bounded collusions, revisited},
  author={Agrawal, Shweta and Rosen, Alon},
  booktitle={Theory of Cryptography Conference},
  pages={173--205},
  year={2017},
  organization={Springer}
}

@misc{PassNM,
  author        = {Rafael Pass},
  title         = {Lecture 16: Non-Malleability and Public Key Encryption},
  month         = {October},
  year          = {2006}
}

@inproceedings{boneh2013constrained,
  title={Constrained pseudorandom functions and their applications},
  author={Boneh, Dan and Waters, Brent},
  booktitle={Advances in Cryptology-ASIACRYPT 2013: 19th International Conference on the Theory and Application of Cryptology and Information Security, Bengaluru, India, December 1-5, 2013, Proceedings, Part II 19},
  pages={280--300},
  year={2013},
  organization={Springer}
}

@inproceedings{boyle2014functional,
  title={Functional signatures and pseudorandom functions},
  author={Boyle, Elette and Goldwasser, Shafi and Ivan, Ioana},
  booktitle={International workshop on public key cryptography},
  pages={501--519},
  year={2014},
  organization={Springer}
}

@inproceedings{kiayias2013delegatable,
  title={Delegatable pseudorandom functions and applications},
  author={Kiayias, Aggelos and Papadopoulos, Stavros and Triandopoulos, Nikos and Zacharias, Thomas},
  booktitle={Proceedings of the 2013 ACM SIGSAC conference on Computer \& communications security},
  pages={669--684},
  year={2013}
}

@inproceedings{sahai2014use,
  title={How to use indistinguishability obfuscation: deniable encryption, and more},
  author={Sahai, Amit and Waters, Brent},
  booktitle={Proceedings of the forty-sixth annual ACM symposium on Theory of computing},
  pages={475--484},
  year={2014}
}

@article{garg2016candidate,
  title={Candidate indistinguishability obfuscation and functional encryption for all circuits},
  author={Garg, Sanjam and Gentry, Craig and Halevi, Shai and Raykova, Mariana and Sahai, Amit and Waters, Brent},
  journal={SIAM Journal on Computing},
  volume={45},
  number={3},
  pages={882--929},
  year={2016},
  publisher={SIAM}
}

@inproceedings{ishai2015public,
  title={Public-coin differing-inputs obfuscation and its applications},
  author={Ishai, Yuval and Pandey, Omkant and Sahai, Amit},
  booktitle={Theory of Cryptography: 12th Theory of Cryptography Conference, TCC 2015, Warsaw, Poland, March 23-25, 2015, Proceedings, Part II 12},
  pages={668--697},
  year={2015},
  organization={Springer}
}

@article{bhushan2023homomorphic,
  title={Homomorphic Indistinguishability Obfuscation and its Applications},
  author={Bhushan, Kaartik and Koppula, Venkata and Prabhakaran, Manoj},
  journal={Cryptology ePrint Archive},
  year={2023}
}